@article{paszke2019pytorch,
  title={Pytorch: An imperative style, high-performance deep learning library},
  author={Paszke, Adam and Gross, Sam and Massa, Francisco and Lerer, Adam and Bradbury, James and Chanan, Gregory and Killeen, Trevor and Lin, Zeming and Gimelshein, Natalia and Antiga, Luca and others},
  journal={Advances in neural information processing systems},
  volume={32},
  pages={8026--8037},
  year={2019}
}
@inproceedings{abadi2016tensorflow,
  title={Tensorflow: A system for large-scale machine learning},
  author={Abadi, Mart{\'\i}n and Barham, Paul and Chen, Jianmin and Chen, Zhifeng and Davis, Andy and Dean, Jeffrey and Devin, Matthieu and Ghemawat, Sanjay and Irving, Geoffrey and Isard, Michael and others},
  booktitle={12th $\{$USENIX$\}$ symposium on operating systems design and implementation ($\{$OSDI$\}$ 16)},
  pages={265--283},
  year={2016}
}
@article{baydin2018automatic,
  title={Automatic differentiation in machine learning: a survey},
  author={Baydin, Atilim Gunes and Pearlmutter, Barak A and Radul, Alexey Andreyevich and Siskind, Jeffrey Mark},
  journal={Journal of machine learning research},
  volume={18},
  year={2018},
  publisher={Journal of Machine Learning Research}
}
@article{krizhevsky2012imagenet,
  title={Imagenet classification with deep convolutional neural networks},
  author={Krizhevsky, Alex and Sutskever, Ilya and Hinton, Geoffrey E},
  journal={Advances in neural information processing systems},
  volume={25},
  pages={1097--1105},
  year={2012}
}
@article{dean2012large,
  title={Large scale distributed deep networks},
  author={Dean, Jeffrey and Corrado, Greg and Monga, Rajat and Chen, Kai and Devin, Matthieu and Mao, Mark and Ranzato, Marc'aurelio and Senior, Andrew and Tucker, Paul and Yang, Ke and others},
  journal={Advances in neural information processing systems},
  volume={25},
  pages={1223--1231},
  year={2012}
}
@article{jia2019beyond,
  title={Beyond data and model parallelism for deep neural networks},
  author={Jia, Zhihao and Zaharia, Matei and Aiken, Alex},
  journal={SysML 2019},
  year={2019}
}
@article{krizhevsky2014one,
  title={One weird trick for parallelizing convolutional neural networks},
  author={Krizhevsky, Alex},
  journal={arXiv preprint arXiv:1404.5997},
  year={2014}
}
@article{huang2019gpipe,
  title={Gpipe: Efficient training of giant neural networks using pipeline parallelism},
  author={Huang, Yanping and Cheng, Youlong and Bapna, Ankur and Firat, Orhan and Chen, Dehao and Chen, Mia and Lee, HyoukJoong and Ngiam, Jiquan and Le, Quoc V and Wu, Yonghui and others},
  journal={Advances in neural information processing systems},
  volume={32},
  pages={103--112},
  year={2019}
}
@inproceedings{narayanan2019pipedream,
  title={PipeDream: generalized pipeline parallelism for DNN training},
  author={Narayanan, Deepak and Harlap, Aaron and Phanishayee, Amar and Seshadri, Vivek and Devanur, Nikhil R and Ganger, Gregory R and Gibbons, Phillip B and Zaharia, Matei},
  booktitle={Proceedings of the 27th ACM Symposium on Operating Systems Principles},
  pages={1--15},
  year={2019}
}
@INPROCEEDINGS{aircopfeiwang,
  author={Wang, Fei and Chen, Guoyang and Zhang, Weifeng and Rompf, Tiark},
  booktitle={2019 IEEE International Conference on Big Data (Big Data)},
  title={Parallel Training via Computation Graph Transformation},
  year={2019},
  volume={},
  number={},
  pages={3430-3439},
  doi={10.1109/BigData47090.2019.9006180}
}
@inproceedings{rompf2010lightweight,
  title={Lightweight modular staging: a pragmatic approach to runtime code generation and compiled DSLs},
  author={Rompf, Tiark and Odersky, Martin},
  booktitle={Proceedings of the ninth international conference on Generative programming and component engineering},
  pages={127--136},
  year={2010}
}
@inproceedings{flanagan1993essence,
  title={The essence of compiling with continuations},
  author={Flanagan, Cormac and Sabry, Amr and Duba, Bruce F and Felleisen, Matthias},
  booktitle={Proceedings of the ACM SIGPLAN 1993 conference on Programming language design and implementation},
  pages={237--247},
  year={1993}
}
@article{click1995simple,
  title={A simple graph-based intermediate representation},
  author={Click, Cliff and Paleczny, Michael},
  journal={ACM Sigplan Notices},
  volume={30},
  number={3},
  pages={35--49},
  year={1995},
  publisher={ACM New York, NY, USA}
}
@book{gropp1999using,
  title={Using MPI: portable parallel programming with the message-passing interface},
  author={Gropp, William and Gropp, William D and Lusk, Ewing and Skjellum, Anthony and Lusk, Argonne Distinguished Fellow Emeritus Ewing},
  volume={1},
  year={1999},
  publisher={MIT press}
}
@book{sanders2010cuda,
  title={CUDA by example: an introduction to general-purpose GPU programming},
  author={Sanders, Jason and Kandrot, Edward},
  year={2010},
  publisher={Addison-Wesley Professional}
}
